% yeah no this does not work lmao
@article{1,
    author = "Aditya Y. Bhargava",
    title = "Grokking Algorithms",
    year = "2022";
}
@video{2,
    author = "Computer Science",
    title = "Dijkstraâ€™s Shortest Path Algorithm",
    year = "2022"
}